@book{lamport94,
 author = "Leslie Lamport",
 title = "{\LaTeX: A Document Preparation System}",
 year = "1994",
 publisher = "Addison-Wesley",
 edition = "2nd",
 address = "Reading, Massachusetts"
}
@article{seznec1993case,
  title={A case for two-way skewed-associative caches},
  author={Seznec, Andr{\'e}},
  journal={ACM SIGARCH computer architecture news},
  volume={21},
  number={2},
  pages={169--178},
  year={1993},
  publisher={Citeseer}
}
@misc{percival2005cache,
  title={Cache missing for fun and profit},
  author={Percival, Colin},
  year={2005},
  publisher={BSDCan}
}
@inproceedings{yoon2016revisiting,
  title={Revisiting virtual L1 caches: A practical design using dynamic synonym remapping},
  author={Yoon, Hongil and Sohi, Gurindar S},
  booktitle={2016 IEEE International Symposium on High Performance Computer Architecture (HPCA)},
  pages={212--224},
  year={2016},
  organization={IEEE}
}
@book{cover2012elements,
  title={Elements of information theory},
  author={Cover, Thomas M and Thomas, Joy A},
  year={2012},
  publisher={John Wiley \& Sons}
}



@inproceedings{osvik2006cache,
  title={Cache attacks and countermeasures: the case of AES},
  author={Osvik, Dag Arne and Shamir, Adi and Tromer, Eran},
  booktitle={Cryptographersâ€™ track at the RSA conference},
  pages={1--20},
  year={2006},
  organization={Springer}
}

@inproceedings{liu2014random,
  title={Random fill cache architecture},
  author={Liu, Fangfei and Lee, Ruby B},
  booktitle={Proceedings of the 47th Annual IEEE/ACM International Symposium on Microarchitecture},
  pages={203--215},
  year={2014},
  organization={IEEE Computer Society}
}
@article{binkert2011gem5,
  title={The gem5 simulator},
  author={Binkert, Nathan and Beckmann, Bradford and Black, Gabriel and Reinhardt, Steven K and Saidi, Ali and Basu, Arkaprava and Hestness, Joel and Hower, Derek R and Krishna, Tushar and Sardashti, Somayeh and others},
  journal={ACM SIGARCH Computer Architecture News},
  volume={39},
  number={2},
  pages={1--7},
  year={2011},
  publisher={ACM}
}


@inproceedings{yarom2014flush+,
  title={FLUSH+ RELOAD: a high resolution, low noise, L3 cache side-channel attack},
  author={Yarom, Yuval and Falkner, Katrina},
  booktitle={23rd $\{$USENIX$\}$ Security Symposium ($\{$USENIX$\}$ Security 14)},
  pages={719--732},
  year={2014}
}
@article{henning2006spec,
  title={SPEC CPU2006 benchmark descriptions},
  author={Henning, John L},
  journal={ACM SIGARCH Computer Architecture News},
  volume={34},
  number={4},
  pages={1--17},
  year={2006},
  publisher={ACM}
}



@inproceedings{kocher1999differential,
  title={Differential power analysis},
  author={Kocher, Paul and Jaffe, Joshua and Jun, Benjamin},
  booktitle={Annual International Cryptology Conference},
  pages={388--397},
  year={1999},
  organization={Springer}
}
@inproceedings{nazari2017eddie,
  title={Eddie: Em-based detection of deviations in program execution},
  author={Nazari, Alireza and Sehatbakhsh, Nader and Alam, Monjur and Zajic, Alenka and Prvulovic, Milos},
  booktitle={2017 ACM/IEEE 44th Annual International Symposium on Computer Architecture (ISCA)},
  pages={333--346},
  year={2017},
  organization={IEEE}
}
@inproceedings{qureshi2018ceaser,
  title={CEASER: Mitigating conflict-based cache attacks via encrypted-address and remapping},
  author={Qureshi, Moinuddin K},
  booktitle={2018 51st Annual IEEE/ACM International Symposium on Microarchitecture (MICRO)},
  pages={775--787},
  year={2018},
  organization={IEEE}
}

@article{domnitser2012non,
  title={Non-monopolizable caches: Low-complexity mitigation of cache side channel attacks},
  author={Domnitser, Leonid and Jaleel, Aamer and Loew, Jason and Abu-Ghazaleh, Nael and Ponomarev, Dmitry},
  journal={ACM Transactions on Architecture and Code Optimization (TACO)},
  volume={8},
  number={4},
  pages={35},
  year={2012},
  publisher={ACM}
}

@inproceedings{kiriansky2018dawg,
  title={DAWG: A defense against cache timing attacks in speculative execution processors},
  author={Kiriansky, Vladimir and Lebedev, Ilia and Amarasinghe, Saman and Devadas, Srinivas and Emer, Joel},
  booktitle={2018 51st Annual IEEE/ACM International Symposium on Microarchitecture (MICRO)},
  pages={974--987},
  year={2018},
  organization={IEEE}
}
@article{wang2007new,
  title={New cache designs for thwarting software cache-based side channel attacks},
  author={Wang, Zhenghong and Lee, Ruby B},
  journal={ACM SIGARCH Computer Architecture News},
  volume={35},
  number={2},
  pages={494--505},
  year={2007},
  publisher={ACM}
}
@inproceedings{wang2008novel,
  title={A novel cache architecture with enhanced performance and security},
  author={Wang, Zhenghong and Lee, Ruby B},
  booktitle={Proceedings of the 41st annual IEEE/ACM International Symposium on Microarchitecture},
  pages={83--93},
  year={2008},
  organization={IEEE Computer Society}
}




@inproceedings{nicepaper1,
  author = "Firstname1 Lastname1 and Firstname2 Lastname2",
  title = "A Very Nice Paper To Cite",
  year = "2016",
  booktitle = "Proceedings of the 49th Annual IEEE/ACM International Symposium on Microarchitecture"
}

@inproceedings{nicepaper2,
  author = "Firstname1 Lastname1 and Firstname2 Lastname2 and Firstname3 Lastname3",
  title = "Another Very Nice Paper to Cite",
  year = "2015",
  booktitle = "Proceedings of the 48th Annual IEEE/ACM International Symposium on Microarchitecture"
}

@inproceedings{nicepaper3,
  author = "Firstname1 Lastname1 and Firstname2 Lastname2 and Firstname3 Lastname3 and Firstname4 Lastname4 and Firstname5 Lastname5 and Firstname6 Lastname6 and Firstname7 Lastname7 and Firstname8 Lastname8 and Firstname9 Lastname9 and Firstname10 Lastname10 and Firstname11 Lastname11 and Firstname12 Lastname12",
  title = "Yet Another Very Nice Paper To Cite, With Many Author Names All Spelled Out",
  year = "2011",
  booktitle = "Proceedings of the 38th Annual International Symposium on Computer Architecture"
}
